<?xml version="1.0" encoding="UTF-8"?><collection xmlns="http://www.loc.gov/MARC21/slim"><record><leader>00496nam--2200181-i-4500</leader><controlfield tag="001">000010926</controlfield><controlfield tag="002">20161230</controlfield><controlfield tag="005">20170107164439</controlfield><controlfield tag="008">060222s1000------------r-----000-0-eng-d</controlfield><datafield ind1=" " ind2=" " tag="040"><subfield code="a">IFIN-HH</subfield></datafield><datafield ind1=" " ind2=" " tag="080"><subfield code="a">539.16:539.17(083)</subfield></datafield><datafield ind1=" " ind2="1" tag="100"><subfield code="a">Bujdos©đ, E</subfield></datafield><datafield ind1="1" ind2="0" tag="245"><subfield code="a">Activation and decay tables of radioisotopes</subfield><subfield code="c">E. Bujdoso, I. Feher, G. Kardos</subfield></datafield><datafield ind1=" " ind2=" " tag="260"><subfield code="a">Budapest</subfield><subfield code="b">Akad©♭miai Kiad©đ</subfield><subfield code="c">1973</subfield></datafield><datafield ind1=" " ind2=" " tag="300"><subfield code="a">575 p</subfield></datafield><datafield ind1="1" ind2=" " tag="700"><subfield code="a">Kardos, G</subfield></datafield><datafield ind1=" " ind2=" " tag="852"><subfield code="a">40249</subfield><subfield code="c">53.081</subfield></datafield><datafield ind1=" " ind2=" " tag="CAT"><subfield code="a">SYS</subfield><subfield code="c">20170107</subfield><subfield code="h">164439</subfield></datafield></record></collection>